<record><leader>00000cas a2200000 a 4500</leader><controlfield tag="001">12102088</controlfield><controlfield tag="008">850531d18681870ksudn ne      0    0eng c</controlfield><datafield ind1=" " ind2=" " tag="010"><subfield code="a">sn 85029335 </subfield></datafield><datafield ind1=" " ind2=" " tag="040"><subfield code="a">KSH</subfield><subfield code="b">eng</subfield><subfield code="c">KSH</subfield><subfield code="d">NPT</subfield><subfield code="d">NPX</subfield><subfield code="d">CNK</subfield><subfield code="d">OBN</subfield><subfield code="d">OCL</subfield><subfield code="d">OCLCQ</subfield><subfield code="d">CUI</subfield><subfield code="d">OCLCQ</subfield><subfield code="d">OCLCF</subfield></datafield><datafield ind1=" " ind2=" " tag="042"><subfield code="a">pcc</subfield></datafield><datafield ind1=" " ind2=" " tag="043"><subfield code="a">n-us-ks</subfield></datafield><datafield ind1=" " ind2="4" tag="050"><subfield code="a">AN</subfield></datafield><datafield ind1="0" ind2=" " tag="130"><subfield code="a">Times and conservative (Leavenworth, Kan. : Daily)</subfield></datafield><datafield ind1="1" ind2="4" tag="245"><subfield code="a">The times and conservative.</subfield></datafield><datafield ind1="3" ind2=" " tag="246"><subfield code="a">Times &amp; conservative</subfield></datafield><datafield ind1=" " ind2=" " tag="260"><subfield code="a">Leavenworth, Kan. :</subfield><subfield code="b">Daniel W. Wilder &amp; Hiram S. Sleeper</subfield></datafield><datafield ind1=" " ind2=" " tag="300"><subfield code="a">v.</subfield></datafield><datafield ind1=" " ind2=" " tag="310"><subfield code="a">Daily (except Mon.)</subfield></datafield><datafield ind1="0" ind2=" " tag="362"><subfield code="a">Daily times ser., v. 18, no. 67 (Sept. 17, 1868)-Daily times ser., v. 21, no. 153 (June 30, 1870) = Daily conservative ser., v. 17, no. 68-Daily conservative ser., v. 20, no. 153.</subfield></datafield><datafield ind1=" " ind2="0" tag="651"><subfield code="a">Leavenworth (Kan.)</subfield><subfield code="v">Newspapers.</subfield></datafield><datafield ind1=" " ind2="0" tag="651"><subfield code="a">Leavenworth County (Kan.)</subfield><subfield code="v">Newspapers.</subfield></datafield><datafield ind1=" " ind2="7" tag="655"><subfield code="a">Newspapers.</subfield><subfield code="2">fast</subfield><subfield code="0">(OCoLC)fst01423814</subfield></datafield><datafield ind1=" " ind2="7" tag="651"><subfield code="a">Kansas</subfield><subfield code="z">Leavenworth.</subfield><subfield code="2">fast</subfield><subfield code="0">(OCoLC)fst01224591</subfield></datafield><datafield ind1=" " ind2="7" tag="651"><subfield code="a">Kansas</subfield><subfield code="z">Leavenworth County.</subfield><subfield code="2">fast</subfield><subfield code="0">(OCoLC)fst01217671</subfield></datafield><datafield ind1=" " ind2=" " tag="752"><subfield code="a">United States</subfield><subfield code="b">Kansas</subfield><subfield code="c">Leavenworth</subfield><subfield code="d">Leavenworth.</subfield></datafield><datafield ind1="0" ind2=" " tag="775"><subfield code="t">Times and conservative (Leavenworth, Kan. : Weekly)</subfield></datafield><datafield ind1="0" ind2="4" tag="780"><subfield code="t">Daily Leavenworth times (Leavenworth, Kan. : 1867)</subfield><subfield code="w">(DLC)sn 96061894</subfield><subfield code="w">(OCoLC)35301686</subfield></datafield><datafield ind1="0" ind2="4" tag="780"><subfield code="t">Leavenworth daily conservative</subfield><subfield code="w">(DLC)sn 84027684</subfield><subfield code="w">(OCoLC)11423280</subfield></datafield><datafield ind1="0" ind2="0" tag="785"><subfield code="t">Leavenworth daily times (Leavenworth, Kan. : 1870)</subfield><subfield code="w">(DLC)sn 85029330</subfield><subfield code="w">(OCoLC)12102101</subfield></datafield></record>